[gd_scene load_steps=3 format=3 uid="uid://dwxhhl4vr487o"]

[ext_resource type="Script" path="res://ui/multiplayer/create_lobby.gd" id="1_ijx4l"]

[sub_resource type="LabelSettings" id="LabelSettings_63i6l"]
font_size = 30

[node name="Create" type="CenterContainer"]
anchors_preset = 15
anchor_right = 1.0
anchor_bottom = 1.0
grow_horizontal = 2
grow_vertical = 2
script = ExtResource("1_ijx4l")

[node name="VBoxContainer" type="VBoxContainer" parent="."]
custom_minimum_size = Vector2(300, 0)
layout_mode = 2

[node name="Label" type="Label" parent="VBoxContainer"]
layout_mode = 2
text = "Create Lobby"
label_settings = SubResource("LabelSettings_63i6l")
horizontal_alignment = 1
vertical_alignment = 1

[node name="HSeparator" type="HSeparator" parent="VBoxContainer"]
layout_mode = 2
theme_override_constants/separation = 30

[node name="HBoxContainer" type="HBoxContainer" parent="VBoxContainer"]
layout_mode = 2

[node name="NameTagEdit" type="LineEdit" parent="VBoxContainer/HBoxContainer"]
unique_name_in_owner = true
layout_mode = 2
size_flags_horizontal = 3
placeholder_text = "Nametag"

[node name="HBoxContainer_2" type="HBoxContainer" parent="VBoxContainer"]
layout_mode = 2

[node name="PortEdit" type="LineEdit" parent="VBoxContainer/HBoxContainer_2"]
unique_name_in_owner = true
layout_mode = 2
size_flags_horizontal = 3
text = "6969"
placeholder_text = "Port"

[node name="HBoxContainer_3" type="HBoxContainer" parent="VBoxContainer"]
layout_mode = 2

[node name="PasswordEdit" type="LineEdit" parent="VBoxContainer/HBoxContainer_3"]
unique_name_in_owner = true
layout_mode = 2
size_flags_horizontal = 3
placeholder_text = "Password"
secret = true

[node name="HBoxContainer_4" type="HBoxContainer" parent="VBoxContainer"]
layout_mode = 2
alignment = 2

[node name="CreateButton" type="Button" parent="VBoxContainer/HBoxContainer_4"]
custom_minimum_size = Vector2(100, 0)
layout_mode = 2
text = "create"

[connection signal="pressed" from="VBoxContainer/HBoxContainer_4/CreateButton" to="." method="_on_create_button_pressed"]
