[gd_scene load_steps=3 format=3 uid="uid://8fvgv4mk87ou"]

[ext_resource type="Script" path="res://ui/multiplayer/lobby_menu.gd" id="1_tp5uf"]

[sub_resource type="StyleBoxFlat" id="StyleBoxFlat_srtuc"]
bg_color = Color(0.129412, 0.129412, 0.129412, 1)

[node name="LobbyMenu" type="PanelContainer"]
anchors_preset = 15
anchor_right = 1.0
anchor_bottom = 1.0
grow_horizontal = 2
grow_vertical = 2
theme_override_styles/panel = SubResource("StyleBoxFlat_srtuc")
script = ExtResource("1_tp5uf")

[node name="MarginContainer" type="MarginContainer" parent="."]
layout_mode = 2
theme_override_constants/margin_left = 10
theme_override_constants/margin_top = 10
theme_override_constants/margin_right = 10
theme_override_constants/margin_bottom = 10

[node name="VBoxContainer" type="VBoxContainer" parent="MarginContainer"]
layout_mode = 2

[node name="MainLabel" type="Label" parent="MarginContainer/VBoxContainer"]
layout_mode = 2
size_flags_vertical = 8
text = "Lobby"
horizontal_alignment = 1
vertical_alignment = 1

[node name="ScrollContainer" type="ScrollContainer" parent="MarginContainer/VBoxContainer"]
layout_mode = 2
size_flags_vertical = 3

[node name="PlayerInfoContainer" type="VBoxContainer" parent="MarginContainer/VBoxContainer/ScrollContainer"]
unique_name_in_owner = true
layout_mode = 2
size_flags_horizontal = 3

[node name="HBoxContainer" type="HBoxContainer" parent="MarginContainer"]
layout_mode = 2
size_flags_vertical = 8
alignment = 2

[node name="LeaveLobbyButton" type="Button" parent="MarginContainer/HBoxContainer"]
layout_mode = 2
size_flags_horizontal = 8
size_flags_vertical = 8
text = "Leave"

[node name="StartGameButton" type="Button" parent="MarginContainer/HBoxContainer"]
unique_name_in_owner = true
layout_mode = 2
text = "Start Game"

[connection signal="pressed" from="MarginContainer/HBoxContainer/LeaveLobbyButton" to="." method="_on_leave_lobby_button_pressed"]
[connection signal="pressed" from="MarginContainer/HBoxContainer/StartGameButton" to="." method="_on_start_game_button_pressed"]
