[gd_scene load_steps=8 format=3 uid="uid://bybsewlktufhy"]

[ext_resource type="Shader" path="res://materials/blurshader.gdshader" id="1"]
[ext_resource type="Texture2D" uid="uid://busyvodqomngy" path="res://icon.png" id="2"]
[ext_resource type="Script" path="res://ui/pause_menu.gd" id="3"]
[ext_resource type="PackedScene" uid="uid://dyf3fcohbp83m" path="res://ui/option_menu.tscn" id="4"]
[ext_resource type="PackedScene" uid="uid://dfcqws0ly8j8i" path="res://ui/about_menu.tscn" id="5"]
[ext_resource type="PackedScene" uid="uid://v0dimjfto44g" path="res://ui/multiplayer/multiplayer_menu.tscn" id="6_5f7iu"]

[sub_resource type="ShaderMaterial" id="2"]
shader = ExtResource("1")
shader_parameter/blur_intensity = 4.0

[node name="PauseMenu" type="Control"]
layout_mode = 3
anchors_preset = 15
anchor_right = 1.0
anchor_bottom = 1.0
grow_horizontal = 2
grow_vertical = 2
script = ExtResource("3")
main_menu_scene_path = "res://ui/main_menu.tscn"

[node name="BlurScreen" type="Sprite2D" parent="."]
material = SubResource("2")
scale = Vector2(64.4255, 39.6068)
texture = ExtResource("2")
centered = false

[node name="HBoxContainer" type="HBoxContainer" parent="."]
layout_mode = 0
anchor_right = 1.0
anchor_bottom = 1.0
size_flags_horizontal = 3
size_flags_vertical = 3

[node name="MarginContainer" type="MarginContainer" parent="HBoxContainer"]
layout_mode = 2
size_flags_horizontal = 3
size_flags_vertical = 3
size_flags_stretch_ratio = 0.24
theme_override_constants/margin_left = 10
theme_override_constants/margin_right = 10

[node name="VBoxContainer" type="VBoxContainer" parent="HBoxContainer/MarginContainer"]
layout_mode = 2
alignment = 1

[node name="ResumeButton" type="Button" parent="HBoxContainer/MarginContainer/VBoxContainer"]
layout_mode = 2
text = "Resume Game"

[node name="MainMenuButton" type="Button" parent="HBoxContainer/MarginContainer/VBoxContainer"]
layout_mode = 2
text = "Main Menu"

[node name="MultiplayerButton" type="Button" parent="HBoxContainer/MarginContainer/VBoxContainer"]
layout_mode = 2
text = "Multiplayer"

[node name="OptionButton" type="Button" parent="HBoxContainer/MarginContainer/VBoxContainer"]
layout_mode = 2
text = "Option"

[node name="AboutButton" type="Button" parent="HBoxContainer/MarginContainer/VBoxContainer"]
layout_mode = 2
text = "About"

[node name="ExitButton" type="Button" parent="HBoxContainer/MarginContainer/VBoxContainer"]
layout_mode = 2
text = "Exit"

[node name="MarginContainer2" type="MarginContainer" parent="HBoxContainer"]
layout_mode = 2
size_flags_horizontal = 3
size_flags_vertical = 3
theme_override_constants/margin_left = 10
theme_override_constants/margin_top = 10
theme_override_constants/margin_right = 10
theme_override_constants/margin_bottom = 10

[node name="OptionMenu" parent="HBoxContainer/MarginContainer2" instance=ExtResource("4")]
visible = false
layout_mode = 2
size_flags_horizontal = 3
size_flags_vertical = 3

[node name="AboutMenu" parent="HBoxContainer/MarginContainer2" instance=ExtResource("5")]
visible = false
layout_mode = 2

[node name="MultiplayerMenu" parent="HBoxContainer/MarginContainer2" instance=ExtResource("6_5f7iu")]
visible = false
layout_mode = 2

[connection signal="pressed" from="HBoxContainer/MarginContainer/VBoxContainer/ResumeButton" to="." method="_on_ResumeButton_pressed"]
[connection signal="pressed" from="HBoxContainer/MarginContainer/VBoxContainer/MainMenuButton" to="." method="_on_MainMenuButton_pressed"]
[connection signal="pressed" from="HBoxContainer/MarginContainer/VBoxContainer/MultiplayerButton" to="." method="_on_multiplayer_button_pressed"]
[connection signal="pressed" from="HBoxContainer/MarginContainer/VBoxContainer/OptionButton" to="." method="_on_OptionButton_pressed"]
[connection signal="pressed" from="HBoxContainer/MarginContainer/VBoxContainer/AboutButton" to="." method="_on_AboutButton_pressed"]
[connection signal="pressed" from="HBoxContainer/MarginContainer/VBoxContainer/ExitButton" to="." method="_on_ExitButton_pressed"]
